@String(PAMI = {IEEE Trans. Pattern Anal. Mach. Intell.})
@String(IJCV = {Int. J. Comput. Vis.})
@String(CVPR= {IEEE Conf. Comput. Vis. Pattern Recog.})
@String(ICCV= {Int. Conf. Comput. Vis.})
@String(ECCV= {Eur. Conf. Comput. Vis.})
@String(NIPS= {Adv. Neural Inform. Process. Syst.})
@String(ICPR = {Int. Conf. Pattern Recog.})
@String(BMVC= {Brit. Mach. Vis. Conf.})
@String(TOG= {ACM Trans. Graph.})
@String(TIP  = {IEEE Trans. Image Process.})
@String(TVCG  = {IEEE Trans. Vis. Comput. Graph.})
@String(TMM  = {IEEE Trans. Multimedia})
@String(ACMMM= {ACM Int. Conf. Multimedia})
@String(ICME = {Int. Conf. Multimedia and Expo})
@String(ICASSP=	{ICASSP})
@String(ICIP = {IEEE Int. Conf. Image Process.})
@String(ACCV  = {ACCV})
@String(ICLR = {Int. Conf. Learn. Represent.})
@String(IJCAI = {IJCAI})
@String(PR   = {Pattern Recognition})
@String(AAAI = {AAAI})
@String(CVPRW= {IEEE Conf. Comput. Vis. Pattern Recog. Worksh.})
@String(CSVT = {IEEE Trans. Circuit Syst. Video Technol.})

@String(SPL	= {IEEE Sign. Process. Letters})
@String(VR   = {Vis. Res.})
@String(JOV	 = {J. Vis.})
@String(TVC  = {The Vis. Comput.})
@String(JCST  = {J. Comput. Sci. Tech.})
@String(CGF  = {Comput. Graph. Forum})
@String(CVM = {Computational Visual Media})


@String(PAMI  = {IEEE TPAMI})
@String(IJCV  = {IJCV})
@String(CVPR  = {CVPR})
@String(ICCV  = {ICCV})
@String(ECCV  = {ECCV})
@String(NIPS  = {NeurIPS})
@String(ICPR  = {ICPR})
@String(BMVC  =	{BMVC})
@String(TOG   = {ACM TOG})
@String(TIP   = {IEEE TIP})
@String(TVCG  = {IEEE TVCG})
@String(TCSVT = {IEEE TCSVT})
@String(TMM   =	{IEEE TMM})
@String(ACMMM = {ACM MM})
@String(ICME  =	{ICME})
@String(ICASSP=	{ICASSP})
@String(ICIP  = {ICIP})
@String(ACCV  = {ACCV})
@String(ICLR  = {ICLR})
@String(IJCAI = {IJCAI})
@String(PR = {PR})
@String(AAAI = {AAAI})
@String(CVPRW= {CVPRW})
@String(CSVT = {IEEE TCSVT})



@misc{Authors14,
 author = {FirstName LastName},
 title = {The frobnicatable foo filter},
 note = {Face and Gesture submission ID 324. Supplied as supplemental material {\tt fg324.pdf}},
 year = 2014
}

@misc{Authors14b,
 author = {FirstName LastName},
 title = {Frobnication tutorial},
 note = {Supplied as supplemental material {\tt tr.pdf}},
 year = 2014
}

@article{Alpher02,
author = {FirstName Alpher},
title = {Frobnication},
journal = PAMI,
volume = 12,
number = 1,
pages = {234--778},
year = 2002
}

@article{Alpher03,
author = {FirstName Alpher and  FirstName Fotheringham-Smythe},
title = {Frobnication revisited},
journal = {Journal of Foo},
volume = 13,
number = 1,
pages = {234--778},
year = 2003
}

@article{Alpher04,
author = {FirstName Alpher and FirstName Fotheringham-Smythe and FirstName Gamow},
title = {Can a machine frobnicate?},
journal = {Journal of Foo},
volume = 14,
number = 1,
pages = {234--778},
year = 2004
}

@inproceedings{Alpher05,
author = {FirstName Alpher and FirstName Gamow},
title = {Can a computer frobnicate?},
booktitle = ICCV,
pages = {234--778},
year = 2005
}

%-------------------------------------------------------------------------

@inproceedings{00.01.XA-Sim2Real,
  author = {Zhang B, Zhang Z, Liu S, et al},
  title = {XA-Sim2Real: Adaptive Representation Learning for Vessel Segmentation in X-Ray Angiography},
  booktitle = {International Conference on Medical Image Computing and Computer-Assisted Intervention},
  pages = {747-756},
  year = 2024
}

@article{01.00.C-DARL,
  author = {Kim B, Oh Y, Wood BJ, et al},
  title = {C-DARL: Contrastive diffusion adversarial representation learning for label-free blood vessel segmentation},
  journal = {Medical Image Analysis},
  volume = 91,
  pages = {103022},
  year = 2024
}

@article{01.01.DARL,
  author = {Kim B, Oh Y, Ye JC},
  title = {Diffusion adversarial representation learning for self-supervised vessel segmentation},
  journal = {arXiv preprint arXiv:2209.14566},
  year = 2022
}

@inproceedings{01.02.SSVS,
  author = {Ma Y, Hua Y, Deng H, et al},
  title = {Self-supervised vessel segmentation via adversarial learning},
  booktitle = {Proceedings of the IEEE/CVF International Conference on Computer Vision},
  pages = {7536-7545},
  year = 2021
}

@inproceedings{01.03.SPADE,
  author = {Park T, Liu MY, Wang TC, et al},
  title = {Semantic image synthesis with spatially-adaptive normalization},
  booktitle = {Proceedings of the IEEE/CVF conference on computer vision and pattern recognition},
  pages = {2337-2346},
  year = 2019
}

@inproceedings{01.04.DataBase,
  author = {Kataoka H, Okayasu K, Matsumoto A, et al},
  title = {Pre-training without natural images},
  booktitle = {Proceedings of the Asian Conference on Computer Vision},
  year = 2020
}

@inproceedings{01.05.without Natural Images,
  author = {Nakashima K, Kataoka H, Matsumoto A, et al},
  title = {Can vision transformers learn without natural images?},
  booktitle = {Proceedings of the AAAI Conference on Artificial Intelligence},
  volume = 36,
  number = 2,
  pages = {1990-1998},
  year = 2022
}

@inproceedings{02.01.FreeCOS,
  author = {Shi T, Ding X, Zhang L, et al},
  title = {Freecos: self-supervised learning from fractals and unlabeled images for curvilinear object segmentation},
  booktitle = {Proceedings of the IEEE/CVF International Conference on Computer Vision},
  pages = {876-886},
  year = 2023
}

@article{02.02.L-systems,
  author = {Zamir M},
  title = {Arterial branching within the confines of fractal L-system formalism},
  journal = {Journal of General Physiology},
  volume = 118,
  number = 3,
  pages = {267-276},
  year = 2001
}

@inproceedings{02.03.FDA,
  author = {Yang Y, Soatto S},
  title = {FDA: Fourier domain adaptation for semantic segmentation},
  booktitle = {Proceedings of the IEEE/CVF conference on computer vision and pattern recognition},
  pages = {4085-4095},
  year = 2020
}

@article{02.04.LIOT,
  author = {Shi T, Boutry N, Xu Y, et al},
  title = {Local intensity order transformation for robust curvilinear object segmentation},
  journal = {IEEE Transactions on Image Processing},
  volume = 31,
  pages = {2557-2569},
  year = 2022
}

@article{02.05.adv,
  author = {Zhou W, Wang Y, Chu J, et al},
  title = {Affinity space adaptation for semantic segmentation across domains},
  journal = {IEEE Transactions on Image Processing},
  volume = 30,
  pages = {2549-2561},
  year = 2020
}

@article{02.06.drive,
  author = {Staal Joes, et al},
  title = {Ridge-based vessel segmentation in color images of the retina},
  journal = {IEEE transactions on medical imaging},
  volume = 23,
  number = 4,
  pages = {501-509},
  year = 2004
}

@article{02.07.stare,
  author = {Hoover AD, Kouznetsova V, Goldbaum M},
  title = {Locating blood vessels in retinal images by piecewise threshold probing of a matched filter response},
  journal = {IEEE Transactions on Medical imaging},
  volume = 19,
  number = 3,
  pages = {203-210},
  year = 2000
}

@article{01.06.134XCA,
  author = {Cervantes-Sanchez F, Cruz-Aceves I, Hernandez-Aguirre A, et al},
  title = {Automatic segmentation of coronary arteries in X-ray angiograms using multiscale analysis and artificial neural networks},
  journal = {Applied Sciences},
  volume = 9,
  number = 24,
  pages = {5507},
  year = 2019
}

@article{01.07.30XCA,
  author = {Hao D, Ding S, Qiu L, et al},
  title = {Sequential vessel segmentation via deep channel attention network},
  journal = {Neural Networks},
  volume = 128,
  pages = {172-187},
  year = 2020
}

@article{03.01.DSA_TJ,
  author = {Zhou Y, Ahmed TS, Wang M, et al},
  title = {Masked Vascular Structure Segmentation and Completion in Retinal Images},
  journal = {IEEE Transactions on Medical Imaging},
  year = 2025
}

@inproceedings{web3d,
  author = {Liu Z, Li L, Tian F, et al},
  title = {Lightweight Web3D crowd rendering for online massive conferencing},
  booktitle = {2022 IEEE International Symposium on Mixed and Augmented Reality Adjunct (ISMAR-Adjunct)},
  pages = {536-541},
  year = 2022
}

@article{web3d.2,
  author = {Liu Z, Feng E, Huang A, et al},
  title = {Key Technologies of Large-Scale Crowd Online Visualization for WebVR Conference},
  journal = {Journal of Computer-Aided Design & Computer Graphics},
  volume = 35,
  number = 5,
  pages = {769-779},
  year = 2023
}

@article{2FC.C.Q1,
  author = {Carneiro-Esteves S, Vacavant A, Merveille O},
  title = {A plug-and-play framework for curvilinear structure segmentation based on a learned reconnecting regularization},
  journal = {Neurocomputing},
  volume = 599,
  pages = {128055},
  year = 2024
}

@inproceedings{2FC.D.Q2,
  author = {Wittmann B, Glandorf L, Paetzold JC, et al},
  title = {Simulation-based segmentation of blood vessels in cerebral 3D OCTA images},
  booktitle = {International Conference on Medical Image Computing and Computer-Assisted Intervention},
  pages = {645-655},
  year = 2024
}

@article{2FC.B.Q3,
  author = {Zhou Y, Ahmed TS, Wang M, et al},
  title = {Masked Vascular Structure Segmentation and Completion in Retinal Images},
  journal = {IEEE Transactions on Medical Imaging},
  year = 2025
}

@article{2FC.D.Q4,
  author = {Ekong F, Yu Y, Patamia RA, et al},
  title = {RetVes segmentation: A pseudo-labeling and feature knowledge distillation optimization technique for retinal vessel channel enhancement},
  journal = {Computers in Biology and Medicine},
  volume = 182,
  pages = {109150},
  year = 2024
}

@article{2FC.D.Q5,
  author = {Ekong F, Yu Y, Patamia RA, et al},
  title = {Masked hybrid attention with Laplacian query fusion and tripartite sequence matching for medical image segmentation},
  journal = {Neural Computing and Applications},
  year = 2025
}

@article{2FC.D.Q6,
  author = {Wu CH, Chen SH, Hu CY, et al},
  title = {DeNVeR: Deformable Neural Vessel Representations for Unsupervised Video Vessel Segmentation},
  journal = {arxiv preprint arxiv:2406.01591},
  year = 2024
}

@inproceedings{2FC.D.Q8,
  author = {Zhang Z, Zhang B, Azampour MF, et al},
  title = {Self-supervised vessel segmentation from x-ray images using digitally reconstructed radiographs},
  booktitle = {BVM Workshop},
  pages = {220-225},
  year = 2024
}

@inproceedings{FC.32.U-Net,
  author = {Ronneberger O, Fischer P, Brox T},
  title = {Unet: Convolutional networks for biomedical image segmentation},
  booktitle = {International Conference on Medical Image Computing and Computer-Assisted Intervention},
  pages = {234-241},
  year = 2015
}

@inproceedings{FC.13.Hessian,
  author = {Frangi AF, Niessen WJ, Vincken KL, Viergever MA},
  title = {Multiscale vessel enhancement filtering},
  booktitle = {International Conference on Medical Image Computing and Computer-Assisted Intervention},
  pages = {130-137},
  year = 1998
}

@inproceedings{FC.22.OOF,
  author = {Law MWK, Chung A},
  title = {Three dimensional curvilinear structure detection using optimally oriented flux},
  booktitle = {European Conference on Computer Vision},
  pages = {368-382},
  year = 2008
}

@inproceedings{FC.19.IIC,
  author = {Xu Ji, Henriques JF, Vedaldi A},
  title = {Invariant information clustering for unsupervised image classification and segmentation},
  booktitle = {Proceedings of the IEEE/CVF International Conference on Computer Vision},
  pages = {9865-9874},
  year = 2019
}

@inproceedings{FC.9.ReDO,
  author = {Chen M, Artières T, Denoyer L},
  title = {Unsupervised object segmentation by redrawing},
  booktitle = {Advances in neural information processing systems},
  volume = 32,
  year = 2019
}

@inproceedings{FC.26,
  author = {Misra I, van der Maaten L},
  title = {Self-supervised learning of pretext-invariant representations},
  booktitle = {Proceedings of the IEEE/CVF Conference on Computer Vision and Pattern Recognition},
  pages = {6707-6717},
  year = 2020
}

@inproceedings{FC.4,
  author = {Azizi S, Mustafa B, Ryan F, et al},
  title = {Big self-supervised models advance medical image classification},
  booktitle = {Proceedings of the IEEE/CVF International Conference on Computer Vision},
  pages = {3478-3488},
  year = 2021
}

@inproceedings{FC.42,
  author = {Xie E, Ding J, Wang W, et al},
  title = {Detco: Unsupervised contrastive learning for object detection},
  booktitle = {Proceedings of the IEEE/CVF International Conference on Computer Vision},
  pages = {8392-8401},
  year = 2021
}

@inproceedings{FC.5,
  author = {Bar A, Wang X, Kantorov V, et al},
  title = {Detreg: Unsupervised pretraining with region priors for object detection},
  booktitle = {Proceedings of the IEEE/CVF Conference on Computer Vision and Pattern Recognition},
  pages = {14605-14615},
  year = 2022
}

@inproceedings{FC.29,
  author = {Park T, Efros AA, Zhang R, Zhu JY},
  title = {Contrastive learning for unpaired image-to-image translation},
  booktitle = {European Conference on Computer Vision},
  pages = {319-345},
  year = 2020
}

@inproceedings{FC.41,
  author = {Wu H, Qu Y, Lin S, et al},
  title = {Contrastive learning for compact single image dehazing},
  booktitle = {Proceedings of the IEEE/CVF Conference on Computer Vision and Pattern Recognition},
  pages = {10551-10560},
  year = 2021
}

@article{YTL,
  author = {Yao T, Wang C, Wang X, et al},
  title = {Enhancing percutaneous coronary intervention with heuristic path planning and deep-learning-based vascular segmentation},
  journal = {Computers in Biology and Medicine},
  volume = 166,
  pages = {107540},
  year = 2023
}

@inproceedings{YTL.23.ResUNet,
  author = {Xiao X, Lian S, Luo Z, Li S},
  title = {Weighted Res-UNet for High-Quality Retina Vessel Segmentation},
  booktitle = {2018 9th International Conference on Information Technology in Medicine and Education},
  pages = {327-331},
  year = 2018,
  doi = {10.1109/ITME.2018.00080}
}

@inproceedings{YTL.RAUNet,
  author = {Ni ZL, Bian GB, Zhou XH, et al},
  title = {RAUNet: Residual attention U-Net for semantic segmentation of cataract surgical instruments},
  booktitle = {International Conference on Neural Information Processing},
  pages = {139-149},
  year = 2019
}

@inproceedings{YTL.TransResUNet,
  author = {Reza S, Amin OB, Hashem MMA},
  title = {TransResUNet: Improving U-Net architecture for robust lungs segmentation in chest X-rays},
  booktitle = {2020 IEEE Region 10 Symposium},
  pages = {1592-1595},
  year = 2020
}

@article{SSV.8,
  author = {Fan Zhun, Mo Jiajie, Qiu Benzhang, et al},
  title = {Accurate Retinal Vessel Segmentation via Octave Convolution Neural Network},
  journal = {arXiv preprint arXiv:1906.12193},
  year = 2019
}

@article{SSV.33,
  author = {Soomro Toufique Ahmed, Afifi Ahmed J, Shah Ahmed Ali, et al},
  title = {Impact of Image Enhancement Technique on CNN Model for Retinal Blood Vessels Segmentation},
  journal = {IEEE Access},
  volume = 7,
  pages = {158183-158197},
  year = 2019
}

@article{SSV.36,
  author = {Yang Su, et al},
  title = {Deep Learning Segmentation of Major Vessels in X-Ray Coronary Angiography},
  journal = {Scientific Reports},
  volume = 9,
  number = 1,
  pages = {1-11},
  year = 2019
}

@inproceedings{SSV.3,
  author = {Bermudez-Chacon Roger, Marquez-Neila Pablo M, Salzmann Mathieu, Fua Pascal},
  title = {A Domain-Adaptive Two-Stream U-Net for Electron Microscopy Image Segmentation},
  booktitle = {ISBI},
  year = 2018
}

@inproceedings{SSV.31,
  author = {Roels Joris, Hennies Julian, Saeys Yvan, et al},
  title = {Domain Adaptive Segmentation in Volume Electron Microscopy Imaging},
  booktitle = {ISBI},
  year = 2019
}

@inproceedings{Beer-Lambert,
  author = {Xiong J, Zhuang P, Zhang Y},
  title = {An efficient underwater image enhancement model with extensive Beer-Lambert law},
  booktitle = {2020 IEEE International Conference on Image Processing},
  pages = {893-897},
  year = 2020
}

@inproceedings{FDA,
  author = {Yang Y, Soatto S},
  title = {FDA: Fourier domain adaptation for semantic segmentation},
  booktitle = {Proceedings of the IEEE/CVF conference on computer vision and pattern recognition},
  pages = {4085-4095},
  year = 2020
}

@article{YTL.Q1,
  author = {Ding D, Yao T, Luo R, et al},
  title = {Visual Question Answering in Robotic Surgery: A Comprehensive Review},
  journal = {IEEE Access},
  year = 2025
}

@article{YTL.Q2,
  author = {Ding D, Yao T, Wang H, et al},
  title = {Continuum Robotic Catheter Systems for Transcatheter Mitral Valve Procedures: A Technical Review},
  journal = {IEEE Access},
  year = 2025
}

@article{YTL.Q3,
  author = {Wu H, Chen S, Fan J, et al},
  title = {Design of Optimal Intervention Based on a Generative Structural Causal Model},
  journal = {Mathematics},
  volume = 12,
  number = 20,
  pages = {3172},
  year = 2024
}

@article{YTL.Q4,
  author = {Heryan K, Tarasiuk J, Skrzat J},
  title = {Validation framework for analyzing complex anatomical structures: application of L-system models},
  journal = {IEEE Access},
  year = 2025
}